<?xml version="1.0" encoding="UTF-8"?><record xmlns="http://www.loc.gov/MARC21/slim" xmlns:cinclude="http://apache.org/cocoon/include/1.0" xmlns:zs="http://www.loc.gov/zing/srw/">
  <leader>00522cz  a2200157n  4500</leader>
  <controlfield tag="001">n  88234607 </controlfield>
  <controlfield tag="003">DLC</controlfield>
  <controlfield tag="005">19960429101546.8</controlfield>
  <controlfield tag="008">890630n| acannaab|          |a aaa |||  </controlfield>
  <datafield tag="010" ind1=" " ind2=" ">
    <subfield code="a">n  88234607 </subfield>
    <subfield code="z">n  90697309 </subfield>
  </datafield>
  <datafield tag="040" ind1=" " ind2=" ">
    <subfield code="a">DLC</subfield>
    <subfield code="c">DLC</subfield>
    <subfield code="d">DLC</subfield>
  </datafield>
  <datafield tag="100" ind1="1" ind2="0">
    <subfield code="a">Tiley, W. Edward</subfield>
  </datafield>
  <datafield tag="400" ind1="1" ind2="0">
    <subfield code="a">Tiley, Ed</subfield>
  </datafield>
  <datafield tag="670" ind1=" " ind2=" ">
    <subfield code="a">Chou, G.T. dBase IV handbook, c1989:</subfield>
    <subfield code="b">t.p. (W. Edward Tiley)</subfield>
  </datafield>
  <datafield tag="670" ind1=" " ind2=" ">
    <subfield code="a">Windows stuff Microsoft forgot! c1993:</subfield>
    <subfield code="b">t.p. (W. Edward Tiley) cover (Ed Tiley)</subfield>
  </datafield>
  <datafield tag="670" ind1=" " ind2=" ">
    <subfield code="a">Personal computer security, c1996:</subfield>
    <subfield code="b">t.p. (Ed Tiley)</subfield>
  </datafield>
</record>